@book{ferrari2020general,
  title={General Relativity and its Applications: Black Holes, Compact Stars and Gravitational Waves},
  author={Ferrari, V. and Gualtieri, L. and Pani, P.},
  isbn={9780429957802},
  url={https://books.google.it/books?id=LP8MEAAAQBAJ},
  year={2020},
  publisher={CRC Press}
}

@Inbook{doCarmo1994,
author="do Carmo, Manfredo P.",
title="Differentiable Manifolds",
bookTitle="Differential Forms and Applications",
year="1994",
publisher="Springer Berlin Heidelberg",
address="Berlin, Heidelberg",
pages="33--54",
abstract="Differential forms were introduced in the first chapter as objects in Rn; however, they, as everything else that refers to differentiability, live naturally in a differentiable manifold, a concept that we will develop presently.",
isbn="978-3-642-57951-6",
doi="10.1007/978-3-642-57951-6_3",
url="https://doi.org/10.1007/978-3-642-57951-6_3"
}
@book{abate2006geometria,
  title={Geometria analitica con elementi di algebra lineare},
  author={Abate, M. and De Fabritiis, C.},
  isbn={9788838662898},
  series={Collana di istruzione scientifica},
  url={https://books.google.it/books?id=wd6QAAAACAAJ},
  year={2006},
  publisher={McGraw-Hill Companies}
}
@book{kay2001vector,
  title={Vector Analysis},
  author={Kay, L. and J{\"a}nich, K.},
  isbn={9780387986494},
  lccn={99016555},
  series={Undergraduate Texts in Mathematics},
  url={https://books.google.it/books?id=agIc62fKOfoC},
  year={2001},
  publisher={Springer New York}
}
@book{arnold2010metodi,
  title={Metodi matematici della meccanica classica},
  author={Arnold, V.I. and Bernieri, R. and Tirozzi, B.},
  isbn={9788864732046},
  url={https://books.google.it/books?id=LvtKQwAACAAJ},
  year={2010},
  publisher={Editori Riuniti University Press}
}
@book{von1978differential,
  title={Differential Forms in Mathematical Physics},
  author={von Westenholz, C.},
  isbn={9780720405378},
  lccn={76048255},
  series={Studies in mathematics and its applications},
  url={https://books.google.it/books?id=twqOlAEACAAJ},
  year={1978},
  publisher={North-Holland Publishing Company}
}
@book{von1978differential,
  title={Differential Forms in Mathematical Physics},
  author={von Westenholz, C.},
  isbn={9780720405378},
  lccn={76048255},
  series={Studies in mathematics and its applications},
  url={https://books.google.it/books?id=twqOlAEACAAJ},
  year={1978},
  publisher={North-Holland Publishing Company}
}
